
@misc{noauthor_buy_nodate,
	title = {Buy {Unbranded} {DISCRETE} {SEMICONDUCTOR} {DEVICES} ({ACTIVE} {COMPONENT} - {TRANSISTOR}) {Available} upto 50 {Units} in {Pack} online {\textbar} {Government} e {Marketplace} ({GeM})},
	url = {https://mkp.gem.gov.in/discrete-semiconductor-devices-active-component-transistor/transistor-bc547/p-5116877-99881870936-cat.html#variant_id=5116877-99881870936},
	abstract = {DISCRETE SEMICONDUCTOR DEVICES (ACTIVE COMPONENT - TRANSISTOR AS PER DETAILED TECHNICAL SPECIFICATION},
	language = {en},
	urldate = {2024-01-20},
}

@misc{noauthor_buy_nodate-1,
	title = {Buy {Robu}.in {Fixed} resistance 0.25 to 0.5 watt , 100 {Ohms} {Resistors} online {\textbar} {Government} e {Marketplace} ({GeM})},
	url = {https://mkp.gem.gov.in/resistors-v2/robu-100-ohm-0-5w-metal-film-resistor/p-5116877-89668708241-cat.html#variant_id=5116877-89668708241},
	abstract = {A resistor is a passive two-terminal electrical component that implements electrical resistance as a circuit element. In electronic circuits, resi},
	language = {en},
	urldate = {2024-01-20},
}

@misc{noauthor_arduino_nodate,
	title = {Arduino {UNO} {R3} board with {DIP} {ATmega328P} : {Amazon}.in: {Industrial} \& {Scientific}},
	url = {https://www.amazon.in/Arduino-UNO-board-DIP-ATmega328P/dp/B008GRTSV6},
	urldate = {2024-01-20},
}

@misc{noauthor_circuit_nodate,
	title = {Circuit design {Speed} {Control} of {DC} motor},
	url = {https://www.tinkercad.com/things/asw6WG8f1hX},
	abstract = {Circuit design Speed Control of DC motor created by t.normanton with Tinkercad},
	language = {en},
	urldate = {2024-01-20},
	journal = {Tinkercad},
}

@misc{noauthor_zyme_nodate,
	title = {{ZYME} {RS775} {High} {Torque} {12V} {Brushed} {DC} {Motor}, {Big} {Strong} {Motor}, {High} {RPM}, {DIY} {Project} : {Amazon}.in: {Home} {Improvement}},
	url = {https://www.amazon.in/RS775-Torque-Brushed-Strong-Project/dp/B07DB83TTQ/ref=pd_sbs_d_sccl_3_4/261-8874385-6367705?pd_rd_w=kwfPQ&content-id=amzn1.sym.06e2aaf4-2afc-4124-9c99-6297c751b938&pf_rd_p=06e2aaf4-2afc-4124-9c99-6297c751b938&pf_rd_r=GMX9C252Q6TV4DZGPK8J&pd_rd_wg=3gpLj&pd_rd_r=4357d553-a48c-46ef-9927-c655e01ba140&pd_rd_i=B07DB83TTQ&psc=1},
	urldate = {2024-01-20},
}

@misc{noauthor_buy_nodate-2,
	title = {Buy {POWER} {ONE} {Alkaline} {Battery} 9 {Volt} online {\textbar} {Government} e {Marketplace} ({GeM})},
	url = {https://mkp.gem.gov.in/alkaline-battery-9v/alkaline-battery/p-5116877-49209006435-cat.html#variant_id=5116877-49209006435},
	abstract = {Provides long lasting power to support industrial usage. Alkaline batteries have a comparatively high energy density and long operating time while},
	language = {en},
	urldate = {2024-01-20},
}

@misc{noauthor_buy_nodate-3,
	title = {Buy {AI} {Ceramic} {Potentiometer}, {No}. of pieces (per pack) 1 in {Polythene} online {\textbar} {Government} e {Marketplace} ({GeM})},
	url = {https://mkp.gem.gov.in/potentiometer/potentiometer/p-5116877-67004120183-cat.html#variant_id=5116877-67004120183},
	abstract = {A potentiometer is a three-terminal resistor with a sliding or rotating contact that forms an adjustable voltage divider.},
	language = {en},
	urldate = {2024-01-20},
}

@misc{noauthor_what_nodate,
	title = {What is {Duty} {Cycle}? {\textbar} {Calculate} {Your} {Duty} {Cycle} - {Actuonix}},
	url = {https://www.actuonix.com/what-is-duty-cycle},
	urldate = {2024-01-20},
}

@misc{noauthor_controlling_nodate,
	title = {Controlling a {DC} {Motor} with {Motor} {Shield} {Rev3} {\textbar} {Arduino} {Documentation}},
	url = {https://docs.arduino.cc/tutorials/motor-shield-rev3/msr3-controlling-dc-motor/},
	urldate = {2024-01-20},
}

@misc{noauthor_driving_2024,
	title = {Driving {DC} {Motors} with {L293D} and {Arduino}},
	url = {https://robocraze.com/blogs/post/driving-dc-motors-with-l293d-and-arduino},
	abstract = {Learn how to control a DC motor with an L293D motor driver IC and an Arduino in this informative blog. Discover the L293D motor driver IC's pinout and wiring process, and explore example code to help you get started with your projects.},
	language = {en},
	urldate = {2024-01-20},
	journal = {Robocraze},
	month = jan,
	year = {2024},
}

@misc{noauthor_54_nodate,
	title = {(54) {Textile} rewinding machine {REXEL} {PP}-2 - {YouTube}},
	url = {https://www.youtube.com/watch?v=7mxV5Xkwehk},
	urldate = {2024-01-20},
}

@misc{noauthor_customized_nodate,
	title = {Customized {Industrial} {Roller} {Brushes} {Spiral} {Cylinder} {Rotary} {Conveyor} {Belt} {Cleaning}},
	url = {https://www.sweeping-brush.com/sale-11663841-customized-industrial-roller-brushes-spiral-cylinder-rotary-conveyor-belt-cleaning.html},
	urldate = {2024-01-20},
}

@misc{noauthor_process_nodate,
	title = {Process {Roll} {Cleaners}-{Traversing}},
	url = {https://www.polymagtek.com/process-roll-cleaner-traversing/},
	urldate = {2024-01-20},
}

@misc{noauthor_circuit_nodate-1,
	title = {Circuit design {Arduino} - {Motor} {DC} ({L293D}) with control button and {Indications}},
	url = {https://www.tinkercad.com/things/dfXFEdEpIYG},
	abstract = {Circuit design Arduino - Motor DC (L293D) with control button and Indications created by akashsaw8 with Tinkercad},
	language = {en},
	urldate = {2024-01-20},
	journal = {Tinkercad},
}

@misc{noauthor_l293d_nodate,
	title = {{L293D} data sheet, product information and support {\textbar} {TI}.com},
	url = {https://www.ti.com/product/L293D},
	urldate = {2024-01-20},
}

@misc{noauthor_tunnel_nodate,
	title = {Tunnel {Conveyor} , {Drying} {Curing} {Conveyor}},
	url = {https://www.indiamart.com/proddetail/tunnel-conveyor-drying-curing-conveyor-2850009254588.html},
	abstract = {Elmec Heaters \& Appliances - Offering Tunnel Conveyor , Drying Curing Conveyor, Power: 2000W at Rs 100000/piece in Chennai, Tamil Nadu. Also find Tunnel Dryer price list {\textbar} ID: 2850009254588},
	language = {en},
	urldate = {2024-01-20},
	journal = {indiamart.com},
}

@misc{noauthor_types_nodate,
	title = {Types of {Dryers}: {Components}, {Types}, {Applications} and {Advantages} {\textbar} {My} {Library} {\textbar} {Zotero}},
	url = {https://www.zotero.org/2302-elp305_tribe_d/items/8ZIFKUYV/attachment/2PEIW7U3/reader},
	urldate = {2024-01-20},
}

@misc{noauthor_pid_nodate,
	title = {{PID} {Thermocouple} {Arduino} max6675},
	url = {https://electronoobs.com/eng_arduino_tut24_code2.php#google_vignette},
	urldate = {2024-01-20},
}

@misc{noauthor_study_nodate,
	title = {Study on drying characters of a thin cotton fabric under uneven radial heating by the hot air jet},
	url = {https://www.tandfonline.com/doi/epdf/10.1080/07373937.2021.2004159?needAccess=true},
	language = {en},
	urldate = {2024-01-20},
	note = {ISSN: 0737-3937},
}

@misc{macfos_temperature_nodate,
	title = {Temperature {Controlled} {Fan} using {Arduino} - {Step} by {Step} {Guide} with {Code} - {Robu}.in {\textbar} {Indian} {Online} {Store} {\textbar} {RC} {Hobby} {\textbar} {Robotics}},
	url = {https://robu.in/temperature-controlled-fan-using-arduino-step-by-step-guide-with-code/},
	abstract = {In this step by step guide we will show you how to make a temperature-controlled fan using Arduino.},
	language = {en-US},
	urldate = {2024-01-20},
	author = {MACFOS},
	note = {Section: Arduino},
}

@misc{noauthor_control_nodate,
	title = {Control a water pump by {Arduino}},
	url = {https://www.robotique.tech/robotics/control-a-water-pump-by-arduino/},
	language = {en},
	urldate = {2024-01-20},
}

@misc{noauthor_automatic_nodate,
	title = {Automatic {Water} {Dispenser} using {Arduino}},
	url = {https://circuitdigest.com/microcontroller-projects/arduino-automatic-water-dispenser},
	abstract = {We build an automatic water dispenser using Arduino and a Solenoid valve that can automatically give you water when a glass is placed near it.},
	language = {en},
	urldate = {2024-01-20},
}
